<?xml version="1.0" encoding="UTF-8"?><collection xmlns="http://www.loc.gov/MARC21/slim"><record><leader>00601nam--2200205-i-4500</leader><controlfield tag="001">000015492</controlfield><controlfield tag="002">20161230</controlfield><controlfield tag="005">20161230201031</controlfield><controlfield tag="008">060222s1000------------r-----000-0-eng-d</controlfield><datafield ind1=" " ind2=" " tag="020"><subfield code="a">0444864660</subfield></datafield><datafield ind1=" " ind2=" " tag="040"><subfield code="a">IFIN-HH</subfield></datafield><datafield ind1=" " ind2=" " tag="080"><subfield code="a">535.4</subfield></datafield><datafield ind1="1" ind2=" " tag="100"><subfield code="a">Cummins, H. Z</subfield></datafield><datafield ind1="1" ind2="0" tag="245"><subfield code="a">Light scattering near phase transitions</subfield><subfield code="c">H.Z. CUMMINS; A.P. LEVANYUK (Eds.)</subfield></datafield><datafield ind1=" " ind2=" " tag="260"><subfield code="a">OXFORD</subfield><subfield code="b">North-holland Publishing Company</subfield><subfield code="c">1983</subfield></datafield><datafield ind1=" " ind2=" " tag="300"><subfield code="a">XVII+663P</subfield></datafield><datafield ind1=" " ind2=" " tag="490"><subfield code="a">Modern Problems In Condensed Matter Sciences</subfield><subfield code="v">Vol. 5</subfield></datafield><datafield ind1="1" ind2=" " tag="700"><subfield code="a">Levanyuk, A.P</subfield><subfield code="e">Ed</subfield></datafield><datafield ind1=" " ind2=" " tag="852"><subfield code="a">72651</subfield><subfield code="c">535</subfield></datafield><datafield ind1=" " ind2=" " tag="CAT"><subfield code="a">Sys</subfield><subfield code="c">20101125</subfield><subfield code="h">131157</subfield></datafield></record></collection>